<record><leader>00000cas a2200000 a 4500</leader><controlfield tag="001">21885828</controlfield><controlfield tag="008">900619d18741894iluwr ne      0   a0eng c</controlfield><datafield ind1=" " ind2=" " tag="010"><subfield code="a">sn 90054934 </subfield></datafield><datafield ind1=" " ind2=" " tag="040"><subfield code="a">NVF</subfield><subfield code="b">eng</subfield><subfield code="c">NVF</subfield><subfield code="d">MGN</subfield><subfield code="d">OCLCQ</subfield><subfield code="d">NVF</subfield><subfield code="d">OCLCQ</subfield><subfield code="d">OCLCF</subfield><subfield code="d">NVF</subfield><subfield code="d">OCLCO</subfield></datafield><datafield ind1="1" ind2=" " tag="029"><subfield code="a">AU@</subfield><subfield code="b">000025866713</subfield></datafield><datafield ind1=" " ind2=" " tag="042"><subfield code="a">pcc</subfield></datafield><datafield ind1=" " ind2=" " tag="043"><subfield code="a">n-us-il</subfield></datafield><datafield ind1="0" ind2="4" tag="245"><subfield code="a">The Newman independent.</subfield></datafield><datafield ind1="1" ind2="3" tag="246"><subfield code="a">Independent</subfield></datafield><datafield ind1=" " ind2=" " tag="260"><subfield code="a">Newman, Ill. :</subfield><subfield code="b">Cicero Walls</subfield></datafield><datafield ind1="3" ind2=" " tag="260"><subfield code="3">&lt;Oct. 14, 1887&gt;-Dec. 14, 1894</subfield><subfield code="a">Newman, Ill. :</subfield><subfield code="b">A.B. Smith, N.S. Smith</subfield></datafield><datafield ind1=" " ind2=" " tag="300"><subfield code="a">v.</subfield></datafield><datafield ind1=" " ind2=" " tag="310"><subfield code="a">Weekly</subfield></datafield><datafield ind1="0" ind2=" " tag="362"><subfield code="a">-v. 20, no. 45 (Dec. 14, 1894).</subfield></datafield><datafield ind1="1" ind2=" " tag="362"><subfield code="a">Began in 1874.</subfield></datafield><datafield ind1=" " ind2=" " tag="500"><subfield code="a">"A Republican newspaper, devoted to the interests of Newman and Douglas County."</subfield></datafield><datafield ind1=" " ind2=" " tag="588"><subfield code="a">Description based on: Vol. 1, no. 19 (Aug. 7, 1874).</subfield></datafield><datafield ind1=" " ind2="0" tag="651"><subfield code="a">Newman (Ill.)</subfield><subfield code="v">Newspapers.</subfield></datafield><datafield ind1=" " ind2="0" tag="651"><subfield code="a">Douglas County (Ill.)</subfield><subfield code="v">Newspapers.</subfield></datafield><datafield ind1=" " ind2="7" tag="651"><subfield code="a">Illinois</subfield><subfield code="z">Douglas County.</subfield><subfield code="2">fast</subfield><subfield code="0">(OCoLC)fst01213239</subfield></datafield><datafield ind1=" " ind2="7" tag="651"><subfield code="a">Illinois</subfield><subfield code="z">Newman.</subfield><subfield code="2">fast</subfield><subfield code="0">(OCoLC)fst01870645</subfield></datafield><datafield ind1=" " ind2="7" tag="655"><subfield code="a">Newspapers.</subfield><subfield code="2">fast</subfield><subfield code="0">(OCoLC)fst01423814</subfield></datafield><datafield ind1=" " ind2=" " tag="752"><subfield code="a">United States</subfield><subfield code="b">Illinois</subfield><subfield code="c">Douglas</subfield><subfield code="d">Newman.</subfield></datafield><datafield ind1="0" ind2=" " tag="775"><subfield code="t">Daily Newman independent</subfield><subfield code="w">(DLC)sn 90054933</subfield><subfield code="w">(OCoLC)21885728</subfield></datafield><datafield ind1="0" ind2="0" tag="785"><subfield code="t">Independent (Newman, Ill. : 1894)</subfield><subfield code="w">(DLC)sn 90054935</subfield><subfield code="w">(OCoLC)21885961</subfield></datafield></record>